<record><leader>00000cas a2200000 a 4500</leader><controlfield tag="001">75193601</controlfield><controlfield tag="008">061106d18851886iludn ne      0   a0eng c</controlfield><datafield ind1=" " ind2=" " tag="010"><subfield code="a">  2013219118</subfield><subfield code="z">sn2006061032</subfield></datafield><datafield ind1=" " ind2=" " tag="040"><subfield code="a">NVF</subfield><subfield code="b">eng</subfield><subfield code="c">NVF</subfield><subfield code="d">OCLCQ</subfield><subfield code="d">DLC</subfield><subfield code="d">NVF</subfield><subfield code="d">DLC</subfield><subfield code="d">OCLCF</subfield></datafield><datafield ind1=" " ind2=" " tag="042"><subfield code="a">pcc</subfield></datafield><datafield ind1=" " ind2=" " tag="043"><subfield code="a">n-us-il</subfield></datafield><datafield ind1="0" ind2=" " tag="130"><subfield code="a">Daily labor bulletin (Decatur, Ill.)</subfield></datafield><datafield ind1="1" ind2="0" tag="245"><subfield code="a">Daily labor bulletin.</subfield></datafield><datafield ind1=" " ind2=" " tag="260"><subfield code="a">Decatur, Ill. :</subfield><subfield code="b">John Lindsay &amp; Co.</subfield></datafield><datafield ind1=" " ind2=" " tag="300"><subfield code="a">v.</subfield></datafield><datafield ind1=" " ind2=" " tag="310"><subfield code="a">Daily (except Sunday)</subfield></datafield><datafield ind1="1" ind2=" " tag="362"><subfield code="a">Began in 1885? Ceased in 1886.</subfield></datafield><datafield ind1=" " ind2=" " tag="588"><subfield code="a">Description based on: Vol. 1, no. 151 (Jan. 5, 1886).</subfield></datafield><datafield ind1=" " ind2=" " tag="588"><subfield code="a">Latest issue consulted: Vol. 1, no. 169 (Jan. 26, 1886).</subfield></datafield><datafield ind1=" " ind2="0" tag="650"><subfield code="a">Labor</subfield><subfield code="z">Illinois</subfield><subfield code="z">Decatur</subfield><subfield code="v">Newspapers.</subfield></datafield><datafield ind1=" " ind2="0" tag="651"><subfield code="a">Decatur (Ill.)</subfield><subfield code="v">Newspapers.</subfield></datafield><datafield ind1=" " ind2="7" tag="655"><subfield code="a">Newspapers.</subfield><subfield code="2">fast</subfield><subfield code="0">(OCoLC)fst01423814</subfield></datafield><datafield ind1=" " ind2="7" tag="650"><subfield code="a">Labor.</subfield><subfield code="2">fast</subfield><subfield code="0">(OCoLC)fst00989798</subfield></datafield><datafield ind1=" " ind2="7" tag="651"><subfield code="a">Illinois</subfield><subfield code="z">Decatur.</subfield><subfield code="2">fast</subfield><subfield code="0">(OCoLC)fst01208165</subfield></datafield><datafield ind1=" " ind2=" " tag="752"><subfield code="a">United States</subfield><subfield code="b">Illinois</subfield><subfield code="c">Macon</subfield><subfield code="d">Decatur.</subfield></datafield><datafield ind1="0" ind2="0" tag="785"><subfield code="a">Labor bulletin (Decatur, Ill.)</subfield><subfield code="w">(DLC)  2013219110</subfield><subfield code="w">(OCoLC)75199002</subfield></datafield></record>